% Encoding: UTF-8
@Article{bhalla2010,
  author = 	 {Bhalla, M. and Bhalla, A.},
  title = 	 {Comparative Study of Various Touchscreen Technologies},
  journal = 	 {International Journal of Computer Applications (0975 - 8887)},
  year = 	 {2010},
  number = 	 {6},
  month = 	 {September},
  url = {http://citeseerx.ist.psu.edu/viewdoc/download?doi=10.1.1.206.5024&rep=rep1&type=pdf},
  note = {Zugriff: 12.01.2019}
}
